%YAML 1.1
%TAG !u! tag:unity3d.com,2011:
--- !u!1 &8926680077340155860
GameObject:
  m_ObjectHideFlags: 0
  m_CorrespondingSourceObject: {fileID: 0}
  m_PrefabInstance: {fileID: 0}
  m_PrefabAsset: {fileID: 0}
  serializedVersion: 6
  m_Component:
  - component: {fileID: 3673738505553586303}
  - component: {fileID: 2146903771634436462}
  - component: {fileID: 6113948235926816180}
  - component: {fileID: 5603725754454718927}
  m_Layer: 2
  m_Name: Antena
  m_TagString: Untagged
  m_Icon: {fileID: 0}
  m_NavMeshLayer: 0
  m_StaticEditorFlags: 0
  m_IsActive: 1
--- !u!4 &3673738505553586303
Transform:
  m_ObjectHideFlags: 0
  m_CorrespondingSourceObject: {fileID: 0}
  m_PrefabInstance: {fileID: 0}
  m_PrefabAsset: {fileID: 0}
  m_GameObject: {fileID: 8926680077340155860}
  m_LocalRotation: {x: 0, y: 0, z: 0, w: 1}
  m_LocalPosition: {x: -25, y: 0, z: -27.5}
  m_LocalScale: {x: 1, y: 1, z: 1}
  m_ConstrainProportionsScale: 0
  m_Children:
  - {fileID: 3345677855664212769}
  - {fileID: 5670138631658483686}
  m_Father: {fileID: 0}
  m_RootOrder: 0
  m_LocalEulerAnglesHint: {x: 0, y: 0, z: 0}
--- !u!33 &2146903771634436462
MeshFilter:
  m_ObjectHideFlags: 0
  m_CorrespondingSourceObject: {fileID: 0}
  m_PrefabInstance: {fileID: 0}
  m_PrefabAsset: {fileID: 0}
  m_GameObject: {fileID: 8926680077340155860}
  m_Mesh: {fileID: 2534964839176971238, guid: ce3bf27e8282a19449015c3520777964, type: 3}
--- !u!64 &6113948235926816180
MeshCollider:
  m_ObjectHideFlags: 0
  m_CorrespondingSourceObject: {fileID: 0}
  m_PrefabInstance: {fileID: 0}
  m_PrefabAsset: {fileID: 0}
  m_GameObject: {fileID: 8926680077340155860}
  m_Material: {fileID: 0}
  m_IsTrigger: 0
  m_Enabled: 1
  serializedVersion: 4
  m_Convex: 0
  m_CookingOptions: 30
  m_Mesh: {fileID: 2534964839176971238, guid: ce3bf27e8282a19449015c3520777964, type: 3}
--- !u!208 &5603725754454718927
NavMeshObstacle:
  m_ObjectHideFlags: 0
  m_CorrespondingSourceObject: {fileID: 0}
  m_PrefabInstance: {fileID: 0}
  m_PrefabAsset: {fileID: 0}
  m_GameObject: {fileID: 8926680077340155860}
  m_Enabled: 1
  serializedVersion: 3
  m_Shape: 1
  m_Extents: {x: 1, y: 1.5, z: 1}
  m_MoveThreshold: 0.1
  m_Carve: 0
  m_CarveOnlyStationary: 1
  m_Center: {x: 0, y: 1.5, z: 0}
  m_TimeToStationary: 0.5
--- !u!1001 &3341859310216654257
PrefabInstance:
  m_ObjectHideFlags: 0
  serializedVersion: 2
  m_Modification:
    m_TransformParent: {fileID: 3673738505553586303}
    m_Modifications:
    - target: {fileID: 1291432376826416, guid: ae5e9d0da5672704e9fd3367770b99cb, type: 3}
      propertyPath: m_Name
      value: FX_Beacon
      objectReference: {fileID: 0}
    - target: {fileID: 1291432376826416, guid: ae5e9d0da5672704e9fd3367770b99cb, type: 3}
      propertyPath: m_Layer
      value: 2
      objectReference: {fileID: 0}
    - target: {fileID: 4106807547668112, guid: ae5e9d0da5672704e9fd3367770b99cb, type: 3}
      propertyPath: m_RootOrder
      value: 0
      objectReference: {fileID: 0}
    - target: {fileID: 4106807547668112, guid: ae5e9d0da5672704e9fd3367770b99cb, type: 3}
      propertyPath: m_LocalPosition.x
      value: 0
      objectReference: {fileID: 0}
    - target: {fileID: 4106807547668112, guid: ae5e9d0da5672704e9fd3367770b99cb, type: 3}
      propertyPath: m_LocalPosition.y
      value: 7.25
      objectReference: {fileID: 0}
    - target: {fileID: 4106807547668112, guid: ae5e9d0da5672704e9fd3367770b99cb, type: 3}
      propertyPath: m_LocalPosition.z
      value: 0
      objectReference: {fileID: 0}
    - target: {fileID: 4106807547668112, guid: ae5e9d0da5672704e9fd3367770b99cb, type: 3}
      propertyPath: m_LocalRotation.w
      value: 1
      objectReference: {fileID: 0}
    - target: {fileID: 4106807547668112, guid: ae5e9d0da5672704e9fd3367770b99cb, type: 3}
      propertyPath: m_LocalRotation.x
      value: -0
      objectReference: {fileID: 0}
    - target: {fileID: 4106807547668112, guid: ae5e9d0da5672704e9fd3367770b99cb, type: 3}
      propertyPath: m_LocalRotation.y
      value: -0
      objectReference: {fileID: 0}
    - target: {fileID: 4106807547668112, guid: ae5e9d0da5672704e9fd3367770b99cb, type: 3}
      propertyPath: m_LocalRotation.z
      value: -0
      objectReference: {fileID: 0}
    - target: {fileID: 4106807547668112, guid: ae5e9d0da5672704e9fd3367770b99cb, type: 3}
      propertyPath: m_LocalEulerAnglesHint.x
      value: 0
      objectReference: {fileID: 0}
    - target: {fileID: 4106807547668112, guid: ae5e9d0da5672704e9fd3367770b99cb, type: 3}
      propertyPath: m_LocalEulerAnglesHint.y
      value: 0
      objectReference: {fileID: 0}
    - target: {fileID: 4106807547668112, guid: ae5e9d0da5672704e9fd3367770b99cb, type: 3}
      propertyPath: m_LocalEulerAnglesHint.z
      value: 0
      objectReference: {fileID: 0}
    - target: {fileID: 199907038606679118, guid: ae5e9d0da5672704e9fd3367770b99cb,
        type: 3}
      propertyPath: m_Materials.Array.size
      value: 1
      objectReference: {fileID: 0}
    m_RemovedComponents: []
  m_SourcePrefab: {fileID: 100100000, guid: ae5e9d0da5672704e9fd3367770b99cb, type: 3}
--- !u!4 &3345677855664212769 stripped
Transform:
  m_CorrespondingSourceObject: {fileID: 4106807547668112, guid: ae5e9d0da5672704e9fd3367770b99cb,
    type: 3}
  m_PrefabInstance: {fileID: 3341859310216654257}
  m_PrefabAsset: {fileID: 0}
--- !u!1001 &5276767915969103885
PrefabInstance:
  m_ObjectHideFlags: 0
  serializedVersion: 2
  m_Modification:
    m_TransformParent: {fileID: 3673738505553586303}
    m_Modifications:
    - target: {fileID: -8679921383154817045, guid: ce3bf27e8282a19449015c3520777964,
        type: 3}
      propertyPath: m_RootOrder
      value: 1
      objectReference: {fileID: 0}
    - target: {fileID: -8679921383154817045, guid: ce3bf27e8282a19449015c3520777964,
        type: 3}
      propertyPath: m_LocalPosition.x
      value: 0
      objectReference: {fileID: 0}
    - target: {fileID: -8679921383154817045, guid: ce3bf27e8282a19449015c3520777964,
        type: 3}
      propertyPath: m_LocalPosition.y
      value: 0
      objectReference: {fileID: 0}
    - target: {fileID: -8679921383154817045, guid: ce3bf27e8282a19449015c3520777964,
        type: 3}
      propertyPath: m_LocalPosition.z
      value: 0
      objectReference: {fileID: 0}
    - target: {fileID: -8679921383154817045, guid: ce3bf27e8282a19449015c3520777964,
        type: 3}
      propertyPath: m_LocalRotation.w
      value: 0.7071067
      objectReference: {fileID: 0}
    - target: {fileID: -8679921383154817045, guid: ce3bf27e8282a19449015c3520777964,
        type: 3}
      propertyPath: m_LocalRotation.x
      value: -0.7071068
      objectReference: {fileID: 0}
    - target: {fileID: -8679921383154817045, guid: ce3bf27e8282a19449015c3520777964,
        type: 3}
      propertyPath: m_LocalRotation.y
      value: -0
      objectReference: {fileID: 0}
    - target: {fileID: -8679921383154817045, guid: ce3bf27e8282a19449015c3520777964,
        type: 3}
      propertyPath: m_LocalRotation.z
      value: -0
      objectReference: {fileID: 0}
    - target: {fileID: -8679921383154817045, guid: ce3bf27e8282a19449015c3520777964,
        type: 3}
      propertyPath: m_LocalEulerAnglesHint.x
      value: 0
      objectReference: {fileID: 0}
    - target: {fileID: -8679921383154817045, guid: ce3bf27e8282a19449015c3520777964,
        type: 3}
      propertyPath: m_LocalEulerAnglesHint.y
      value: 0
      objectReference: {fileID: 0}
    - target: {fileID: -8679921383154817045, guid: ce3bf27e8282a19449015c3520777964,
        type: 3}
      propertyPath: m_LocalEulerAnglesHint.z
      value: 0
      objectReference: {fileID: 0}
    - target: {fileID: 919132149155446097, guid: ce3bf27e8282a19449015c3520777964,
        type: 3}
      propertyPath: m_Name
      value: Antena
      objectReference: {fileID: 0}
    - target: {fileID: 919132149155446097, guid: ce3bf27e8282a19449015c3520777964,
        type: 3}
      propertyPath: m_Layer
      value: 2
      objectReference: {fileID: 0}
    m_RemovedComponents: []
  m_SourcePrefab: {fileID: 100100000, guid: ce3bf27e8282a19449015c3520777964, type: 3}
--- !u!4 &5670138631658483686 stripped
Transform:
  m_CorrespondingSourceObject: {fileID: -8679921383154817045, guid: ce3bf27e8282a19449015c3520777964,
    type: 3}
  m_PrefabInstance: {fileID: 5276767915969103885}
  m_PrefabAsset: {fileID: 0}
